@MISC{Zhang:1,
author = {Daoqiang Zhang and Qimiao Guo and Guorong Wu and Dinggang Shen},
title = {Sparse Patch-Based Label Fusion for Multi-Atlas Segmentation},
year = {2012}
}

@ARTICLE{Lasso:1,
author = {Robert Tibshirani},
title = {Regression Shrinkage and Selection Via the Lasso},
journal = {JOURNAL OF THE ROYAL STATISTICAL SOCIETY, SERIES B},
year = {1994},
volume = {58},
pages = {267--288}
}

@ARTICLE{Registration:1,
    author = {Lisa Gottesfeld Brown},
    title = {A Survey of Image Registration Techniques},
    journal = {ACM Computing Surveys},
    year = {1992},
    volume = {24},
    pages = {325--376}
}

@ARTICLE{Registration:2,
    author = {Barbara Zitová and Jan Flusser},
    title = {Image registration methods: a survey},
    journal = {IMAGE AND VISION COMPUTING},
    year = {2003},
    volume = {21},
    pages = {977--1000}
}

@ARTICLE{ASGD:1,
    author = {S Klein and J P W Pluim and M Staring and M A Viergever},
    title = {Adaptive stochastic gradient descent optimisation for image registration.},
    journal = {International Journal of Computer Vision},
    year = {2009},
    pages = {227--239}
}

@article{scale_space:1,
  title={A survey of hierarchical non-linear medical image registration},
  author={H. Lester and S. Arridge},
  journal={Pattern Recognit.},
  year={1999},
  volume={32},
  pages={129-149}
}

@article{dice:1, 
    title={Measures of the Amount of Ecologic Association Between Species},
    volume={26},
    DOI={10.2307/1932409}, % breaks polyglossia
    number={3}, 
    journal={Ecology}, 
    author={Dice, Lee R.}, 
    year={1945}, 
    pages={297–302}
} 

@article{SSIM:1,
  title={Image quality assessment: from error visibility to structural similarity},
  author={Zhou Wang and A. Bovik and H. R. Sheikh and Eero P. Simoncelli},
  journal={IEEE Transactions on Image Processing},
  year={2004},
  volume={13},
  pages={600-612}
}
